%   ****************************************
%   * File: SAMPLE.BIB                     *
%   ****************************************
%   * An invented bib file                 *
%   * For the sample texts                 *
%   * The order is unimportant and there   *
%   * may be more entries than references  *
%   * in the text                          *
%   ****************************************
% 
@ARTICLE{smit54,
	AUTHOR = {J. G. Smith and H. K. Weston},
	TITLE = {Nothing Particular in this Year's History},
	YEAR = {1954},
	JOURNAL = {J. Geophys. Res.},
	VOLUME = {2},
	PAGES = {14-15}
}
@BOOK{colu92,
	AUTHOR = {Christopher Columbus},
	TITLE = {How {I} Discovered {America}},
	YEAR = {1492},
	PUBLISHER = {Hispanic Press},
	ADDRESS = {Barcelona}
}
@ARTICLE{gree00,
	AUTHOR = {R. J. Green and U. P. Fred and W. P. Norbert},
	TITLE = {Things that Go Bump in the Night},
	YEAR = {1900},
	JOURNAL = {Psych. Today},
	VOLUME = {46},
	PAGES = {345-678}
}
@ARTICLE{phil99,
	AUTHOR = {T. P. Phillips},
	TITLE = {Possible Influence of the Magnetosphere on {American} History},
	YEAR = {1999},
	JOURNAL = {J. Oddball Res.},
	VOLUME = {98},
	PAGES = {1000-1003}
}
@ARTICLE{jame76,
	AUTHOR = {Kelly James and Harris, Jr., George and Wilby Wollops},
	TITLE = {{American} Independence and Magnetism},
	YEAR = {1776},
	JOURNAL = {Revol. Tracts},
	VOLUME = {32},
	PAGES = {34-55}
}

@online{brandos_2019,
	title = {Brandos darbo aprašo reikalavimai.},
	url = {https://brandosdarbas.lt/brandos-darbo-apraso-reikalavimai},
	abstract = {Brandos darbo aprašas – tolygiai svarbi ir reikšminga brandos darbo dalis, taip pat, kaip ir tikslai, uždaviniai bei visas brandos darbo turinys. Brandos darbo aprašas yra suprantamas, kaip pagrindinis brandos darbo dokumentas,...},
	titleaddon = {{BrandosDarbas}.lt},
	urldate = {2023-05-03},
	date = {2019-08-10},
	langid = {lithuanian},
}

@online{eberson_nacionaline_nodate,
	title = {Nacionalinė švietimo agentūra - Brandos darbas},
	url = {https://www.nsa.smm.lt/egzaminai-ir-pasiekimu-patikrinimai/brandos-egzaminai/brandos-darbas/},
	author = {Eberson, Darius},
	urldate = {2023-05-03},
	langid = {lithuanian},
}


@article{tupinis_inovacijos_2022,
	title = {Inovacijos mokykloje: dirbtinis intelektas, mašininis mokymasis ir neuroniniai tinklai (Innovations in school: Artificial Intelligence, Machine Learning and Neural Networks)},
	url = {https://rgdoi.net/10.13140/RG.2.2.12274.58566},
	doi = {10.13140/RG.2.2.12274.58566},
	shorttitle = {Inovacijos mokykloje},
	author = {Tupinis, Gvidas and Dagiene, Valentina},
	urldate = {2023-05-03},
	date = {2022},
	langid = {lithuanian},
}
